%=======================================================================
% File         : biblio.bib
% Title        : 
% Author       : Sebastien VARRETTE 
% Creation     : 06 Jul 2009
% Time-stamp:    <Thu 2012-07-26 11:35 svarrette>
%=======================================================================

@Misc{urt,
  title = 	 {Urban Terror},
  year = 	 {2009},
  note = 	 {[Online] \url{http://www.urbanterror.net/}},
  OPTannote = 	 {}
}

@Misc{b3,
  title = 	 {{Big Brother Bot (B3)}},
  year = 	 {2009},
  note = 	 {[Online] \url{http://bigbrotherbot.com/}},
  OPTannote = 	 {}
}

@Misc{ioq3,
  title = 	 {ioquake3},
  year = 	 {2009},
  note = 	 {[Online] \url{http://ioquake3.org/}},
  OPTannote = 	 {}
}

@Misc{cs,
  editor =       {Valve},
  title = 	 {CounterStrike},
  year = 	 {2000},
  note = 	 {[Online] \url{http://store.steampowered.com/app/10/}},
  OPTannote = 	 {}
}

%=======================================================================
% eof
%
% Local Variables: 
% mode: bibtex
% End: 

 
